1756 2994
179 93 253 146 ΜΘ
339 70 476 188 Eptflelae
484 70 617 146 Henrl'ct'
640 74 705 146 17.

174 189 289 266 nostra
318 219 451 290 quoque
481 217 570 265 aetate
598 192 810 266 incommode
843 269 846 276 ,

179 315 361 366 conventus
377 291 598 367 istosTheolo
624 295 691 362 icos
712 316 809 386 exce·

178 391 307 487 perint,
334 317 811 474 inmemoriamiieorevocatg

172 509 218 560 nt
238 493 273 558 &
292 485 485 585 suaniipsius
498 494 531 558 δι
543 488 679 558 alioruin
698 512 811 581 cuxani

176 607 274 660 acuat
283 583 454 683 diligenter
464 585 648 682 cogitandi,
675 581 715 654 de
728 611 811 660 con⁴

180 679 349 756 stituendae
382 686 414 754 in
446 681 587 754 Ecclelia
613 680 809 754 diversarum

179 781 319 876 partium
332 777 502 854 reformata
512 778 693 852 concordie
703 805 810 852 reme·

180 875 434 966 diisejusmodi,
457 904 528 972 quae
545 886 576 948 δι
591 880 725 973 periculi
748 880 810 948 mi·

180 1000 261 1059 nus,
289 982 322 1046 nc
345 979 390 1048 rei
401 975 487 1048 bene
507 976 657 1074 gerendae
666 975 738 1070 plus
748 973 810 1070 spei

180 1074 406 1169 polliceantur.
436 1079 489 1144 De
511 1074 630 1171 quibus
649 1073 810 1144 hocloco

181 1176 217 1244 &
238 1191 386 1267 ternpore
406 1169 482 1242 ideo
509 1171 704 1242 constituere
729 1172 809 1240 cerii

181 1267 262 1344 nihil
273 1267 378 1365 potest
391 1267 503 1368 ‚quod
515 1273 546 1341 in
559 1268 810 1354 deliberatione,

180 1365 239 1439 sibi
250 1369 401 1439 cumaliis
420 1368 605 1471 Principibus
616 1369 810 1466 Evangelicis

172 1468 372 1552 eommuni,
392 1464 479 1539 suam
497 1464 593 1540 lolius
619 1462 814 1538 sententiam·

180 1564 286 1640 valere
294 1589 361 1635 non
373 1567 448 1636 vult.
470 1567 727 1657 Qainvisenitn
740 1587 810 1634 non

180 1659 344 1745 obscure,
375 1684 447 1734 tum
457 1687 497 1732 ex
508 1662 666 1734 mandatis
684 1665 812 1760 Regiis,

180 1781 279 1853 quain
288 1758 386 1828 literis
403 1765 564 1832 aDomino
573 1765 691 1860 Legata
701 1756 811 1828 reddi·

72 1897 79 1904 ·
176 1861 222 1926 ¹tis
243 1854 454 1928 animadverti
475 1855 596 1951 poffit:
632 1853 814 1950 Plerosque

181 1957 350 2022 Germania
364 1958 515 2058 Principes
533 1955 617 2050 apud
628 1977 714 2051 quos
728 1978 812 2026 ean·

178 2048 257 2121 dem
269 2046 331 2142 ipse
344 2048 467 2120 causam
478 2056 544 2146 egit
557 2105 565 2135 ,
577 2052 677 2124 videri
689 2075 758 2120 rem
768 2051 812 2124 ad

179 2143 350 2218 arbitrium
387 2147 582 2242 Illustrifflmae
610 2149 811 2244 Excelfitank

180 2248 248 2331 ejus
266 2241 405 2331 rejecjlle
425 2297 436 2330 ,
461 2261 570 2317 tamen
591 2245 718 2318 honore
739 2241 807 2324 hoc

179 2340 234 2412 vel
252 2338 482 2412 benevolentia
508 2368 581 2441 erga
608 2344 640 2416 se
660 2344 809 2438 reliquo-

179 2459 277 2521 rum,
313 2441 361 2510 vel
389 2437 530 2535 respe&u
552 2449 618 2529 ejus
645 2437 814 2534 personae,

204 2559 277 2604 uam
296 2536 328 2604 in
349 2543 478 2638 Imperio
499 2544 679 2610 Germanico
703 2541 814 2634 gerit,

178 2557 240 2702 iibi
261 2629 397 2718 habito,
421 2657 530 2732 neque
546 2634 586 2708 ad
602 2635 815 2733 preripiendn

209 2791 212 2800 .
728 2755 816 2807 vota
