1756 2994
84 88 86 94 ¹
180 111 255 206 Reg.
267 105 345 179 Gall.
356 107 399 180 ad
407 112 484 212 Imp.
495 123 573 186 (rc.
642 105 715 204 '203

133 226 233 298 Extat
243 227 344 300 adhuc
354 229 493 300 formula
503 224 717 325 compofitio-

14 390 19 396 .
87 324 138 394 nis
156 327 190 394 in
204 329 340 420 negotio
360 331 615 398 coenaeDominicae
634 347 717 396 con·

85 418 200 516 scripta
217 424 388 523 Wm'bergae
408 476 418 509 ,
446 449 523 492 asmo
542 424 716 498 Salvatoria

86 523 183 595 nostri
195 546 207 591 1
219 531 294 616 536.
304 520 345 590 ab
355 525 392 590 iis
403 525 459 619 qui
468 511 719 592 tra'Rationihu·

84 621 134 704 jus
155 617 381 692 controverfiae
411 619 453 690 ab
475 639 610 714 utraque
627 633 717 710 parte

84 713 219 786 adhibiti
232 739 308 788 tunc
320 713 469 802 fuerunt,
499 740 599 813 quam
619 715 719 782 etiam

86 835 217 882 nuncut
228 817 312 908 piam
323 821 355 883 &
369 813 588 886 orthodoxam
607 811 718 881 Eccle-

78 904 718 1005 fiaharumPtovinciarumamplestun·

86 1027 139 1074 tur
152 1012 182 1074 ὃ(
219 1003 425 1093 rofitentur‚a
437 1033 500 1104 qua
510 1011 632 1077 utinam
646 1029 716 1076 non

84 1102 167 1173 disce
197 1105 288 1174 assent
318 1108 339 1174 ii
359 1131 501 1200 quorum
529 1108 716 1198 importuna

83 1199 257 1284 acerbitas,
285 1225 320 1270 ut
338 1207 422 1272 τεᾶς
447 1209 600 1272 Serenitas
619 1205 716 1297 Regia

85 1299 119 1366 in
134 1296 290 1366 mandatis
302 1297 363 1365 suis
374 1294 717 1386 judicat,concordiam

83 1392 251 1466 salutarem
266 1391 464 1464 disturbavit.

134 1487 302 1576 'Quacum
319 1487 432 1562 itafint
449 1493 547 1563 etiam
562 1506 718 1586 atqueet⁴

84 1592 148 1660 iam
169 1590 301 1684 Ib'ustrafi
330 1595 470 1662 Saxonia
498 1593 577 1659 Dux
600 1609 717 1658 caven-

85 1687 164 1756 dum
182 1685 313 1771 censet,
341 1713 382 1758 ne
402 1688 481 1786 quid
526 1709 605 1756 otro
623 1707 717 1755 comh

86 1787 232 1854 mittatur
246 1783 420 1872 ejusmodi,
449 1711 535 1854 unXe
555 1787 715 1873 majorum

84 1878 310 1972 scandalorum
331 1881 515 1953 occafiones
534 1878 712 1952 nascantur.

85 1980 206 2074 Neque
216 1995 325 2047 tamen
347 1977 411 2049 hac
420 1980 496 2049 ideo
507 1988 716 2049 commemo·

85 2098 154 2161 rat,
181 2096 216 2144 ut
243 2097 297 2144 aut
317 2074 496 2146 rationibus
516 2078 553 2144 iis
573 2125 583 2160 ,
610 2095 716 2168 quaea

84 2177 239 2246 Domino
251 2169 589 2271 Legatoredditaesunt
599 2169 713 2242 adver-

83 2267 185 2342 setar:
206 2293 259 2340 aut
271 2270 361 2366 quod
374 2267 414 2339 ab
425 2270 517 2339 omni
529 2265 713 2338 concordia

84 2370 143 2462 pia
164 2373 197 2436 &
218 2366 357 2437 salutaris
375 2362 585 2436 concilianda
606 2359 714 2434 studio

5 2483 6 2487 ’
84 2462 315 2534 alienusvideri
328 2460 452 2532 debeat.
479 2460 542 2532 Sed
552 2455 715 2551 cujusmo·

84 2558 118 2630 di
137 2579 202 2628 tam
229 2561 260 2628 in¹
280 2564 380 2630 veteri
391 2560 543 2652 Ecclefia,
572 2559 714 2653 quamia

83 2653 222 2730 exordio
250 2679 410 2754 repurgata
436 2657 571 2732 doffrinae
590 2653 713 2814 calcato

102 2789 106 2796 ·
606 2769 653 2822 no
680 2767 715 2815 aa
